@article{sutton1999between,
 	 title={Between MDPs and semi-MDPs: A framework for temporal abstraction in reinforcement learning},
 	 author={Sutton, Richard S and Precup, Doina and Singh, Satinder},
 	 journal={Artificial intelligence},
 	 volume={112},
 	 number={1},
 	 pages={181--211},
 	 year={1999},
 	 publisher={Elsevier}
}

@inproceedings{pickett2002policyblocks,
  title={Policyblocks: An algorithm for creating useful macro-actions in reinforcement learning},
  author={Pickett, Marc and Barto, Andrew G},
  booktitle={ICML},
  volume={2},
  pages={506--513},
  year={2002}
}

@article{solwayoptimal,
	title = {Optimal behavioral hierarchy},
	author={Solway, Alec and Diuk, Carlos and Corova, Natalia and Yee, Debbie and Barto, Andrew and Niv, Yael and Botvinick, Matthew},
	journal = {PLoS Computational Biology}
}

@book{Puterman,
 author = {Puterman, Martin L.},
 title = {Markov Decision Processes: Discrete Stochastic Dynamic Programming},
 year = {1994},
 isbn = {0471619779},
 edition = {1st},
 publisher = {John Wiley \& Sons, Inc.},
 address = {New York, NY, USA},
} 

@article{still,
  title={An information-theoretic approach to curiosity-driven reinforcement learning},
  author={Still, Susanne and Precup, Doina},
  journal={Theory in Biosciences},
  volume={131},
  number={3},
  pages={139--148},
  year={2012},
  publisher={Springer}
}
